
% Journals

% First the Full Name is given, then the abbreviation used in the AMS Math
% Reviews, with an indication if it could not be found there.
% Note the 2nd overwrites the 1st, so swap them if you want the full name.

 %{AMS}
 @String{AMSTrans = "American Mathematical Society Translations" }
 @String{AMSTrans = "Amer. Math. Soc. Transl." }
 @String{BullAMS = "Bulletin of the American Mathematical Society" }
 @String{BullAMS = "Bull. Amer. Math. Soc." }
 @String{ProcAMS = "Proceedings of the American Mathematical Society" }
 @String{ProcAMS = "Proc. Amer. Math. Soc." }
 @String{TransAMS = "Transactions of the American Mathematical Society" }
 @String{TransAMS = "Trans. Amer. Math. Soc." }

 %ACM
 @String{CACM = "Communications of the {ACM}" }
 @String{CACM = "Commun. {ACM}" }
 @String{CompServ = "Comput. Surveys" }
 @String{JACM = "J. ACM" }
 @String{ACMMathSoft = "{ACM} Transactions on Mathematical Software" }
 @String{ACMMathSoft = "{ACM} Trans. Math. Software" }
 @String{SIGNUM = "{ACM} {SIGNUM} Newsletter" }
 @String{SIGNUM = "{ACM} {SIGNUM} Newslett." }

 @String{AmerSocio = "American Journal of Sociology" }
 @String{AmerStatAssoc = "Journal of the American Statistical Association" }
 @String{AmerStatAssoc = "J. Amer. Statist. Assoc." }
 @String{ApplMathComp = "Applied Mathematics and Computation" }
 @String{ApplMathComp = "Appl. Math. Comput." }
 @String{AmerMathMonthly = "American Mathematical Monthly" }
 @String{AmerMathMonthly = "Amer. Math. Monthly" }
 @String{BIT = "{BIT}" }
 @String{BritStatPsych = "British Journal of Mathematical and Statistical
          Psychology" }
 @String{BritStatPsych = "Brit. J. Math. Statist. Psych." }
 @String{CanMathBull = "Canadian Mathematical Bulletin" }
 @String{CanMathBull = "Canad. Math. Bull." }
 @String{CompApplMath = "Journal of Computational and Applied Mathematics" }
 @String{CompApplMath = "J. Comput. Appl. Math." }
 @String{CompPhys = "Journal of Computational Physics" }
 @String{CompPhys = "J. Comput. Phys." }
 @String{CompStruct = "Computers and Structures" }
 @String{CompStruct = "Comput. \& Structures" }
 @String{CompJour = "The Computer Journal" }
 @String{CompJour = "Comput. J." }
 @String{CompSysSci = "Journal of Computer and System Sciences" }
 @String{CompSysSci = "J. Comput. System Sci." }
 @String{Computing = "Computing" }
 @String{ContempMath = "Contemporary Mathematics" }
 @String{ContempMath = "Contemp. Math." }
 @String{Crelle = "Crelle's Journal" }
 @String{GiornaleMath = "Giornale di Mathematiche" }
 @String{GiornaleMath = "Giorn. Mat." } % didn't find in AMS MR., ibid.

 %IEEE
 @String{Computer = "{IEEE} Computer" }
 @String{IEEETransComp = "{IEEE} Transactions on Computers" }
 @String{IEEETransComp = "{IEEE} Trans. Comput." }
 @String{IEEETransAC = "{IEEE} Transactions on Automatic Control" }
 @String{IEEETransAC = "{IEEE} Trans. Automat. Control" }
 @String{IEEESpec = "{IEEE} Spectrum" } % didn't find in AMS MR
 @String{ProcIEEE = "Proceedings of the {IEEE}" }
 @String{ProcIEEE = "Proc. {IEEE}" } % didn't find in AMS MR
 @String{IEEETransAeroElec = "{IEEE} Transactions on Aerospace and Electronic
     Systems" }
 @String{IEEETransAeroElec = "{IEEE} Trans. Aerospace Electron. Systems" }

 @String{IMANumerAna = "{IMA} Journal of Numerical Analysis" }
 @String{IMANumerAna = "{IMA} J. Numer. Anal." }
 @String{InfProcLet = "Information Processing Letters" }
 @String{InfProcLet = "Inform. Process. Lett." }
 @String{InstMathApp = "Journal of the Institute of Mathematics and
     its Applications" }
 @String{InstMathApp = "J. Inst. Math. Appl." }
 @String{IntControl = "International Journal of Control" }
 @String{IntControl = "Internat. J. Control" }
 @String{IntNumerEng = "International Journal for Numerical Methods in
     Engineering" }
 @String{IntNumerEng = "Internat. J. Numer. Methods Engrg." }
 @String{IntSuper = "International Journal of Supercomputing Applications" }
 @String{IntSuper = "Internat. J. Supercomputing Applic." } % didn't find
%% in AMS MR
 @String{Kibernetika = "Kibernetika" }
 @String{JResNatBurStand = "Journal of Research of the National Bureau
     of Standards" }
 @String{JResNatBurStand = "J. Res. Nat. Bur. Standards" }
 @String{LinAlgApp = "Linear Algebra and its Applications" }
 @String{LinAlgApp = "Linear Algebra Appl." }
 @String{MathAnaAppl = "Journal of Mathematical Analysis and Applications" }
 @String{MathAnaAppl = "J. Math. Anal. Appl." }
 @String{MathAnnalen = "Mathematische Annalen" }
 @String{MathAnnalen = "Math. Ann." }
 @String{MathPhys = "Journal of Mathematical Physics" }
 @String{MathPhys = "J. Math. Phys." }
 @String{MathComp = "Mathematics of Computation" }
 @String{MathComp = "Math. Comp." }
 @String{MathScand = "Mathematica Scandinavica" }
 @String{MathScand = "Math. Scand." }
 @String{TablesAidsComp = "Mathematical Tables and Other Aids to Computation" }
 @String{TablesAidsComp = "Math. Tables Aids Comput." }
 @String{NumerMath = "Numerische Mathematik" }
 @String{NumerMath = "Numer. Math." }
 @String{PacificMath = "Pacific Journal of Mathematics" }
 @String{PacificMath = "Pacific J. Math." }
 @String{ParDistComp = "Journal of Parallel and Distributed Computing" }
 @String{ParDistComp = "J. Parallel and Distrib. Comput." } % didn't find
%% in AMS MR
 @String{ParComputing = "Parallel Computing" }
 @String{ParComputing = "Parallel Comput." }
 @String{PhilMag = "Philosophical Magazine" }
 @String{PhilMag = "Philos. Mag." }
 @String{ProcNAS = "Proceedings of the National Academy of Sciences
                    of the USA" }
 @String{ProcNAS = "Proc. Nat. Acad. Sci. U. S. A." }
 @String{Psychometrika = "Psychometrika" }
 @String{QuartMath = "Quarterly Journal of Mathematics, Oxford, Series (2)" }
 @String{QuartMath = "Quart. J. Math. Oxford Ser. (2)" }
 @String{QuartApplMath = "Quarterly of Applied Mathematics" }
 @String{QuartApplMath = "Quart. Appl. Math." }
 @String{RevueInstStat = "Review of the International Statisical Institute" }
 @String{RevueInstStat = "Rev. Inst. Internat. Statist." }

 %SIAM
 @String{JSIAM = "Journal of the Society for Industrial and Applied
     Mathematics" }
 @String{JSIAM = "J. Soc. Indust. Appl. Math." }
 @String{JSIAMB = "Journal of the Society for Industrial and Applied
     Mathematics, Series B, Numerical Analysis" }
 @String{JSIAMB = "J. Soc. Indust. Appl. Math. Ser. B Numer. Anal." }
 @String{SIAMAlgMeth = "{SIAM} Journal on Algebraic and Discrete Methods" }
 @String{SIAMAlgMeth = "{SIAM} J. Algebraic Discrete Methods" }
 @String{SIAMAppMath = "{SIAM} Journal on Applied Mathematics" }
 @String{SIAMAppMath = "{SIAM} J. Appl. Math." }
 @String{SIAMComp = "{SIAM} Journal on Computing" }
 @String{SIAMComp = "{SIAM} J. Comput." }
 @String{SIAMMatrix = "{SIAM} Journal on Matrix Analysis and Applications" }
 @String{SIAMMatrix = "{SIAM} J. Matrix Anal. Appl." }
 @String{SIAMNumAnal = "{SIAM} Journal on Numerical Analysis" }
 @String{SIAMNumAnal = "{SIAM} J. Numer. Anal." }
 @String{SIAMReview = "{SIAM} Review" }
 @String{SIAMReview = "{SIAM} Rev." }
 @String{SIAMSciStat = "{SIAM} Journal on Scientific and Statistical
     Computing" }
 @String{SIAMSciStat = "{SIAM} J. Sci. Statist. Comput." }

 @String{SoftPracExp = "Software Practice and Experience" }
 @String{SoftPracExp = "Software Prac. Experience" } % didn't find in AMS MR
 @String{StatScience = "Statistical Science" }
 @String{StatScience = "Statist. Sci." }
 @String{Techno = "Technometrics" }
 @String{USSRCompMathPhys = "{USSR} Computational Mathematics and Mathematical
     Physics" }
 @String{USSRCompMathPhys = "{U. S. S. R.} Comput. Math. and Math. Phys." }
 @String{VLSICompSys = "Journal of {VLSI} and Computer Systems" }
 @String{VLSICompSys = "J. {VLSI} Comput. Syst." }
 @String{ZAngewMathMech = "Zeitschrift fur Angewandte Mathematik und
     Mechanik" }
 @String{ZAngewMathMech = "Z. Angew. Math. Mech." }
 @String{ZAngewMathPhys = "Zeitschrift fur Angewandte Mathematik und Physik" }
 @String{ZAngewMathPhys = "Z. Angew. Math. Phys." }

% Publishers % ================================================= |

 @String{Academic = "Academic Press" }
 @String{ACMPress = "{ACM} Press" }
 @String{AdamHilger = "Adam Hilger" }
 @String{AddisonWesley = "Addison-Wesley" }
 @String{AllynBacon = "Allyn and Bacon" }
 @String{AMS = "American Mathematical Society" }
 @String{Birkhauser = "Birkh{\"a}user" }
 @String{CambridgePress = "Cambridge University Press" }
 @String{Chelsea = "Chelsea" }
 @String{ClaredonPress = "Claredon Press" }
 @String{DoverPub = "Dover Publications" }
 @String{Eyolles = "Eyolles" }
 @String{HoltRinehartWinston = "Holt, Rinehart and Winston" }
 @String{Interscience = "Interscience" }
 @String{JohnsHopkinsPress = "The Johns Hopkins University Press" }
 @String{JohnWileySons = "John Wiley and Sons" }
 @String{Macmillan = "Macmillan" }
 @String{MathWorks = "The Math Works Inc." }
 @String{McGrawHill = "McGraw-Hill" }
 @String{NatBurStd = "National Bureau of Standards" }
 @String{NorthHolland = "North-Holland" }
 @String{OxfordPress = "Oxford University Press" }  %address Oxford or London?
 @String{PergamonPress = "Pergamon Press" }
 @String{PlenumPress = "Plenum Press" }
 @String{PrenticeHall = "Prentice-Hall" }
 @String{SIAMPub = "{SIAM} Publications" }
 @String{Springer = "Springer-Verlag" }
 @String{TexasPress = "University of Texas Press" }
 @String{VanNostrand = "Van Nostrand" }
 @String{WHFreeman = "W. H. Freeman and Co." }

%Entries
@misc{fragiadakis2025evaluatinghumanaicollaborationreview,
      title={Evaluating Human-AI Collaboration: A Review and Methodological Framework}, 
      author={George Fragiadakis and Christos Diou and George Kousiouris and Mara Nikolaidou},
      year={2025},
      eprint={2407.19098},
      archivePrefix={arXiv},
      primaryClass={cs.HC},
      url={https://arxiv.org/abs/2407.19098}}

% INTRODUCTION
@misc{brown2020languagemodelsfewshotlearners,
      title={Language Models are Few-Shot Learners}, 
      author={Tom B. Brown and Benjamin Mann and Nick Ryder and Melanie Subbiah and Jared Kaplan and Prafulla Dhariwal and Arvind Neelakantan and Pranav Shyam and Girish Sastry and Amanda Askell and Sandhini Agarwal and Ariel Herbert-Voss and Gretchen Krueger and Tom Henighan and Rewon Child and Aditya Ramesh and Daniel M. Ziegler and Jeffrey Wu and Clemens Winter and Christopher Hesse and Mark Chen and Eric Sigler and Mateusz Litwin and Scott Gray and Benjamin Chess and Jack Clark and Christopher Berner and Sam McCandlish and Alec Radford and Ilya Sutskever and Dario Amodei},
      year={2020},
      eprint={2005.14165},
      archivePrefix={arXiv},
      primaryClass={cs.CL},
      url={https://arxiv.org/abs/2005.14165}, 
}
@article{LUBART2005365,
title = {How can computers be partners in the creative process: Classification and commentary on the Special Issue},
journal = {International Journal of Human-Computer Studies},
volume = {63},
number = {4},
pages = {365-369},
year = {2005},
note = {Computer support for creativity},
issn = {1071-5819},
doi = {https://doi.org/10.1016/j.ijhcs.2005.04.002},
url = {https://www.sciencedirect.com/science/article/pii/S1071581905000418},
author = {Todd Lubart},
keywords = {Creativity, Human–computer interaction},
}
@article{Dellermann2019,
  author  = {Dellermann, Dominik and Ebel, Philipp and S{\"o}llner, Matthias and Leimeister, Jan Marco},
  title   = {Hybrid Intelligence},
  journal = {Business \& Information Systems Engineering},
  year    = {2019},
  volume  = {61},
  number  = {5},
  pages   = {637--643},
  doi     = {10.1007/s12599-019-00595-2},
  url     = {https://doi.org/10.1007/s12599-019-00595-2},
}

@article{LeeChung2024,
  author  = {Lee, Byung Cheol and Chung, Jaeyeon Jae},
  title   = {An empirical investigation of the impact of ChatGPT on creativity},
  journal = {Nature Human Behaviour},
  year    = {2024},
  volume  = {8},
  number  = {10},
  pages   = {1906--1914},
  doi     = {10.1038/s41562-024-01953-1},
  url     = {https://doi.org/10.1038/s41562-024-01953-1},
}

@misc{jones2025largelanguagemodelspass,
      title={Large Language Models Pass the Turing Test}, 
      author={Cameron R. Jones and Benjamin K. Bergen},
      year={2025},
      eprint={2503.23674},
      archivePrefix={arXiv},
      primaryClass={cs.CL},
      url={https://arxiv.org/abs/2503.23674}, 
}

@article{Dziri2023FaithFate,
  title   = {Faith and Fate: Limits of Transformers on Compositionality},
  author  = {Dziri, Nouha and Lu, Ximing and Sclar, Melanie and Li, Xiang Lorraine and Jiang, Liwei and Lin, Bill Yuchen and West, Peter and Bhagavatula, Chandra and Le Bras, Ronan and Hwang, Jena D. and Sanyal, Soumya and Welleck, Sean and Ren, Xiang and Ettinger, Allyson and Harchaoui, Zaid and Choi, Yejin},
  journal = {arXiv preprint arXiv:2305.18654},
  year    = {2023},
  url     = {https://arxiv.org/abs/2305.18654},
}
@article{Alber2023,
  author       = {Carolin Sophie Alber and Lena Violetta Krämer and Sophia Marie Rosar and Claudia Mueller-Weinitschke},
  title        = {Internet-Based Behavioral Activation for Depression: Systematic Review and Meta-Analysis},
  journal      = {Journal of Medical Internet Research},
  volume       = {25},
  number       = {1},
  pages        = {e41643},
  year         = {2023},
  doi          = {10.2196/41643},
  publisher    = {JMIR Publications},
  address      = {Canada},
  month        = {May},
  note         = {PMID: 37227760, PMCID: PMC10251223},
  keywords     = {behavioral activation, depression, internet- and mobile-based intervention, meta-analysis, systematic review},
  issn         = {1438-8871},
  url          = {https://www.jmir.org/2023/1/e41643},
}







%%% Paper Meta Analysis 


@misc{sun2024largelanguagemodelsindividual,
      title={Large Language Models show both individual and collective creativity comparable to humans}, 
      author={Luning Sun and Yuzhuo Yuan and Yuan Yao and Yanyan Li and Hao Zhang and Xing Xie and Xiting Wang and Fang Luo and David Stillwell},
      year={2024},
      eprint={2412.03151},
      archivePrefix={arXiv},
      primaryClass={cs.AI},
      url={https://arxiv.org/abs/2412.03151}, 
}
@ARTICLE{10.3389/frai.2023.1195797,
AUTHOR={Sohail, Shahab Saquib  and Madsen, Dag Øivind  and Himeur, Yassine  and Ashraf, Maheen },    
TITLE={Using ChatGPT to navigate ambivalent and contradictory research findings on artificial intelligence},   
JOURNAL={Frontiers in Artificial Intelligence},   
VOLUME={Volume 6 - 2023},
YEAR={2023},
URL={https://www.frontiersin.org/journals/artificial-intelligence/articles/10.3389/frai.2023.1195797},
DOI={10.3389/frai.2023.1195797},
ISSN={2624-8212},
ABSTRACT={<p>With the rapid development and integration of AI in various domains, understanding the nuances of AI research has become critical for policymakers, researchers, and practitioners. However, the results are vast and diverse and even can be contradictory or ambivalent, presenting a significant challenge for individuals seeking to grasp and synthesize the findings. This perspective paper discusses the ambivalent and contradictory research findings in the literature on artificial intelligence (AI) and explores whether ChatGPT can be used to navigate and make sense of the AI literature.</p>}}






% CITAVI
@article{FeuerriegelBISE2024,
  author  = {Feuerriegel, Stefan and Hartmann, Jochen and Janiesch, Christian and Zschech, Patrick},
  title   = {Generative AI},
  journal = {Business \& Information Systems Engineering},
  year    = {2024},
  volume  = {66},
  number  = {1},
  pages   = {111--126},
  doi     = {10.1007/s12599-023-00834-7},
  url     = {https://doi.org/10.1007/s12599-023-00834-7},
}
@article{Herbold2023,
  author  = {Herbold, Steffen and Hautli-Janisz, Annette and Heuer, Ute and Kikteva, Zlata and Trautsch, Alexander},
  title   = {A large-scale comparison of human-written versus ChatGPT-generated essays},
  journal = {Scientific Reports},
  year    = {2023},
  volume  = {13},
  number  = {1},
  pages   = {18617},
  doi     = {10.1038/s41598-023-45644-9},
  url     = {https://doi.org/10.1038/s41598-023-45644-9},
}
@techreport{Cui2025,
  author      = {Cui, Zheyuan and Demirer, Mert and Jaffe, Sonia and Musolff, Leon and Peng, Sida and Salz, Tobias},
  title       = {The Effects of Generative AI on High-Skilled Work: Evidence from Three Field Experiments with Software Developers},
  institution = {SSRN},
  year        = {2025},
  url         = {https://ssrn.com/abstract=4945566},
  doi         = {10.2139/ssrn.4945566},
  note        = {SSRN Working Paper},
}
@article{10.1093/pnasnexus/pgae052,
    author = {Zhou, Eric and Lee, Dokyun},
    title = {Generative artificial intelligence, human creativity, and art},
    journal = {PNAS Nexus},
    volume = {3},
    number = {3},
    pages = {pgae052},
    year = {2024},
    month = {03},
    issn = {2752-6542},
    doi = {10.1093/pnasnexus/pgae052},
    url = {https://doi.org/10.1093/pnasnexus/pgae052},
    eprint = {https://academic.oup.com/pnasnexus/article-pdf/3/3/pgae052/57464715/pgae052.pdf},
}
@article{Ruksakulpiwat2024,
  author  = {Ruksakulpiwat, Suebsarn and Phianhasin, Lalipat and Benjasirisan, Chitchanok and Ding, Kedong and Ajibade, Anuoluwapo and Kumar, Ayanesh and Stewart, Cassie},
  title   = {Assessing the Efficacy of ChatGPT Versus Human Researchers in Identifying Relevant Studies on mHealth Interventions for Improving Medication Adherence in Patients With Ischemic Stroke When Conducting Systematic Reviews: Comparative Analysis},
  journal = {JMIR mHealth and uHealth},
  year    = {2024},
  volume  = {12},
  pages   = {e51526},
  doi     = {10.2196/51526},
  url     = {https://doi.org/10.2196/51526},
}
@misc{brynjolfsson2024generativeaiwork,
      title={Generative AI at Work}, 
      author={Erik Brynjolfsson and Danielle Li and Lindsey Raymond},
      year={2024},
      eprint={2304.11771},
      archivePrefix={arXiv},
      primaryClass={econ.GN},
      url={https://arxiv.org/abs/2304.11771}, 
}
@inproceedings{Sun_2024, series={CHI ’24},
   title={Generative AI in the Wild: Prospects, Challenges, and Strategies},
   url={http://dx.doi.org/10.1145/3613904.3642160},
   DOI={10.1145/3613904.3642160},
   booktitle={Proceedings of the CHI Conference on Human Factors in Computing Systems},
   publisher={ACM},
   author={Sun, Yuan and Jang, Eunchae and Ma, Fenglong and Wang, Ting},
   year={2024},
   month=may, pages={1–16},
   collection={CHI ’24} }
@misc{aru2024artificialintelligenceinternalprocesses,
      title={Artificial intelligence and the internal processes of creativity}, 
      author={Jaan Aru},
      year={2024},
      eprint={2412.04366},
      archivePrefix={arXiv},
      primaryClass={cs.CY},
      url={https://arxiv.org/abs/2412.04366}, 
}
@misc{sæbø2024stochasticshumanartificialcreativity,
      title={On the stochastics of human and artificial creativity}, 
      author={Solve Sæbø and Helge Brovold},
      year={2024},
      eprint={2403.06996},
      archivePrefix={arXiv},
      primaryClass={cs.AI},
      url={https://arxiv.org/abs/2403.06996}, 
}
@misc{ismayilzada2024creativityaiprogresseschallenges,
      title={Creativity in AI: Progresses and Challenges}, 
      author={Mete Ismayilzada and Debjit Paul and Antoine Bosselut and Lonneke van der Plas},
      year={2024},
      eprint={2410.17218},
      archivePrefix={arXiv},
      primaryClass={cs.AI},
      url={https://arxiv.org/abs/2410.17218}, 
}
@article{doi:10.1126/sciadv.adn5290,
author = {Anil R. Doshi  and Oliver P. Hauser },
title = {Generative AI enhances individual creativity but reduces the collective diversity of novel content},
journal = {Science Advances},
volume = {10},
number = {28},
pages = {eadn5290},
year = {2024},
doi = {10.1126/sciadv.adn5290},
URL = {https://www.science.org/doi/abs/10.1126/sciadv.adn5290},
eprint = {https://www.science.org/doi/pdf/10.1126/sciadv.adn5290},
abstract = {Creativity is core to being human. Generative artificial intelligence (AI)—including powerful large language models (LLMs)—holds promise for humans to be more creative by offering new ideas, or less creative by anchoring on generative AI ideas. We study the causal impact of generative AI ideas on the production of short stories in an online experiment where some writers obtained story ideas from an LLM. We find that access to generative AI ideas causes stories to be evaluated as more creative, better written, and more enjoyable, especially among less creative writers. However, generative AI–enabled stories are more similar to each other than stories by humans alone. These results point to an increase in individual creativity at the risk of losing collective novelty. This dynamic resembles a social dilemma: With generative AI, writers are individually better off, but collectively a narrower scope of novel content is produced. Our results have implications for researchers, policy-makers, and practitioners interested in bolstering creativity. Generative AI can enhance the creativity of short stories but may limit the variation in diverse outputs.}}
@misc{wang2024aicreativehumans,
      title={Can AI Be as Creative as Humans?}, 
      author={Haonan Wang and James Zou and Michael Mozer and Anirudh Goyal and Alex Lamb and Linjun Zhang and Weijie J Su and Zhun Deng and Michael Qizhe Xie and Hannah Brown and Kenji Kawaguchi},
      year={2024},
      eprint={2401.01623},
      archivePrefix={arXiv},
      primaryClass={cs.AI},
      url={https://arxiv.org/abs/2401.01623}, 
}
@article{Lee2024,
  author  = {Lee, Byung Cheol and Chung, Jaeyeon (Jae)},
  title   = {An empirical investigation of the impact of ChatGPT on creativity},
  journal = {Nature Human Behaviour},
  year    = {2024},
  volume  = {8},
  number  = {10},
  pages   = {1906--1914},
  doi     = {10.1038/s41562-024-01953-1},
  url     = {https://doi.org/10.1038/s41562-024-01953-1},
}
@article{Zhou2024,
  author  = {Zhou, Eric and Lee, Dokyun},
  title   = {Generative AI, Human Creativity, and Art},
  journal = {PNAS Nexus},
  year    = {2024},
  volume  = {3},
  number  = {3},
  pages   = {pgae052},
  doi     = {10.1093/pnasnexus/pgae052},
  url     = {https://doi.org/10.1093/pnasnexus/pgae052},
  note    = {Available at SSRN: \url{https://ssrn.com/abstract=4594824}},
}
@inproceedings{Wadinambiarachchi_2024, series={CHI ’24},
   title={The Effects of Generative AI on Design Fixation and Divergent Thinking},
   url={http://dx.doi.org/10.1145/3613904.3642919},
   DOI={10.1145/3613904.3642919},
   booktitle={Proceedings of the CHI Conference on Human Factors in Computing Systems},
   publisher={ACM},
   author={Wadinambiarachchi, Samangi and Kelly, Ryan M. and Pareek, Saumya and Zhou, Qiushi and Velloso, Eduardo},
   year={2024},
   month=may, pages={1–18},
   collection={CHI ’24} }